@misc{TSMCwebCompanyProfile,
title = {TSMC webside -- company profile},
year = {(acces November 29, 2022)}, 
howpublished = "\url{https://www.tsmc.com/english/aboutTSMC/company_profile}"}

@misc{DictioanryComputer,
title = {Collins dictionary -- Computer},
year = {(acces November 29, 2022)}, 
howpublished = "\url{https://www.collinsdictionary.com/dictionary/english/computer}"}



@misc{ASMLSemiconductorProduction,
title = {ASML -- 6 crucial steps in semiconductor manufacturing},
year = {(acces November 29, 2022)}, 
howpublished = "\url{https://www.asml.com/en/news/stories/2021/semiconductor-manufacturing-process-steps}"}

@misc{hitachiHightechManufactering,
title = {Hitachi--Hightech -- semiconductor manufacturing process},
year = {(acces November 29, 2022)}, 
howpublished = "\url{https://www.hitachi-hightech.com/global/en/knowledge/semiconductor/room/manufacturing/process.html}"}


@misc{ASMLAnnualReport,
  title={ASML, 2021 Annual Report},
  author={ASML},
  howpublished={\url{https://www.asml.com/en/investors/annual-report/2021}},
  month={December},
  year={2021}
}

@misc{TSCMClientsByRevenue,
title = {Statista.com -- Leading customers of Taiwan Semiconductor Manufacturing Company (TSMC) in 2021, based on revenue share},
year = {(acces November 29, 2022)}, 
howpublished = "\url{https://www.statista.com/statistics/1247996/tsmc-revenue-share-of-leading-customers/}"}

@misc{TSMCAnnualReport,
  title={ASML, 2021 Annual Report},
  author={TSMC},
  howpublished={\url{https://investor.tsmc.com/sites/ir/annual-report/2021/2021_Annual\%20Report\%20_E.pdf}},
  month={December},
  year={2021}
}

@misc{AppleOnTSMCInvestment,
  title={Apple ‘grateful’ to TSMC for investment},
  author={Taipei Times},
  howpublished={\url{https://www.taipeitimes.com/News/biz/archives/2017/10/24/2003680909}},
  month={October},
  day={24},
  year={2021}
}

@misc{AppleBookAll5nm,
  title={Apple Books TSMC’s Entire 5nm Production Capability},
  author={Joel Hruska -- Extreme Tech},
  howpublished={\url{https://www.extremetech.com/computing/315186-apple-books-tsmcs-entire-5nm-production-capability}},
  month={October},
  day={18},
  year={2020}
}

@misc{InsideASML,
  title={ASML is the only company making the \$200 million machines needed to print every advanced microchip. Here’s an inside look},
  author={Katie Tarasov -- CNBC},
  howpublished={\url{https://www.cnbc.com/2022/03/23/inside-asml-the-company-advanced-chipmakers-use-for-euv-lithography.html}},
  month={Martch},
  day={23},
  year={2022}
}


@misc{TSMCInvestmentRecomendation,
  title={TSMC -- Investment Recommendation},
  author={ Benjamin Wang},
  howpublished={\url{https://www.cnbc.com/2022/03/23/inside-asml-the-company-advanced-chipmakers-use-for-euv-lithography.html}},
  month={December},
  day={7},
  year={2021}
}
