@misc{IBM-What-is-type,
title = {IBM.com -- Type definitions},
year = {(dostÄ™p 20-10-2023)}, 
howpublished = "\urlhttps://www.ibm.com/docs/en/epfz/5.3?topic=reference-type-definitions}"}
